@software{max_bachmann_2024_10938887,
  author       = {Max Bachmann},
  title        = {rapidfuzz/RapidFuzz: Release 3.8.1},
  month        = apr,
  year         = 2024,
  publisher    = {Zenodo},
  version      = {v3.8.1},
  doi          = {10.5281/zenodo.10938887},
  url          = {https://doi.org/10.5281/zenodo.10938887}
}
