@misc{waves-software,
  title        = {{waves}},
  author       = {Brindley, Kyle and Khalsa, Prabhu and Roberts, Thomas and Cordova, Sergio and Fister, Matthew and Ouellette, Scott},
  doi          = {10.5281/zenodo.7574167},
  organization = {Los Alamos National Laboratory},
  address      = {Los Alamos, New Mexico, USA},
  license      = {BSD 3-Clause},
  url          = {https://github.com/lanl-aea/waves},
  year         = {2025}
}

@Misc{ABAQUS,
  Title           = {ABAQUS 2023},
  Author          = {{Dassault System\'{e}s Simulia Corporation}},
  Note            = {Providence, RI, USA},
  Year            = {2023},
  Address         = {Providence, RI, USA},
  Organization    = {Dassault Systemes},
}

@book{bower,
  title     = {Applied Mechanics of Solids},
  author    = {Allan F. Bower},
  year      = {2009},
  publisher = {CRC Press},
  address   = {Boca Raton, Florida, USA},
  edition   = {1},
}

@misc{gitlab,
  Title        = {Gitlab},
  Author       = {GitLab B.V.},
  Note         = {Boston, MA, USA},
  Year         = {2022},
  Address      = {Boston, MA, USA},
  Organization = {GitLab B.V.},
  url          = {https://about.gitlab.com/},
  urldate      = {2022-08-05},
}

@misc{git,
  Title        = {git},
  Year         = {2022},
  Organization = {Software Freedom Conservancy},
  url          = {https://git-scm.com/},
  urldate      = {2022-08-05},
}
