
@unpublished{NNLOJET:2025xyz,
    author = "Huss, A. and others",
    collaboration = "NNLOJET",
    title = "{NNLOJET: a parton-level event generator for jet cross sections at NNLO QCD accuracy}",
    reportNumber = "CERN-TH-2025-012, IPPP/25/09, ZU-TH 11/25",
    year = "2025"
}

@article{Chen:2014gva,
	author = "Chen, X. and Gehrmann, T. and Glover, E. W. N. and Jaquier, M.",
	title = "{Precise QCD predictions for the production of Higgs + jet final states}",
	eprint = "1408.5325",
	archivePrefix = "arXiv",
	primaryClass = "hep-ph",
	reportNumber = "IPPP-14-64, ZU-TH-27-14",
	doi = "10.1016/j.physletb.2014.11.021",
	journal = "Phys. Lett. B",
	volume = "740",
	pages = "147--150",
	year = "2015"
}

@article{Gehrmann-DeRidder:2004ttg,
    author = "Gehrmann-De Ridder, A. and Gehrmann, T. and Glover, E. W. N.",
    title = "{Infrared structure of $e^+e^-\to$ 2 jets at NNLO}",
    eprint = "hep-ph/0403057",
    archivePrefix = "arXiv",
    reportNumber = "ZU-TH-03-04, IPPP-04-12, DCPT-04-24, NSF-KITP-04-32",
    doi = "10.1016/j.nuclphysb.2004.05.017",
    journal = "Nucl. Phys. B",
    volume = "691",
    pages = "195--222",
    year = "2004"
}

@article{Gehrmann-DeRidder:2005alt,
    author = "Gehrmann-De Ridder, A. and Gehrmann, T. and Glover, E. W. N.",
    title = "{Gluon-gluon antenna functions from Higgs boson decay}",
    eprint = "hep-ph/0502110",
    archivePrefix = "arXiv",
    reportNumber = "ZU-TH-02-05, IPPP-05-03, DCPT-05-06",
    doi = "10.1016/j.physletb.2005.03.003",
    journal = "Phys. Lett. B",
    volume = "612",
    pages = "49--60",
    year = "2005"
}

@article{Gehrmann-DeRidder:2005svg,
    author = "Gehrmann-De Ridder, A. and Gehrmann, T. and Glover, E. W. N.",
    title = "{Quark-gluon antenna functions from neutralino decay}",
    eprint = "hep-ph/0501291",
    archivePrefix = "arXiv",
    reportNumber = "ZU-TH-01-05, IPPP-05-01, DCPT-05-02",
    doi = "10.1016/j.physletb.2005.02.039",
    journal = "Phys. Lett. B",
    volume = "612",
    pages = "36--48",
    year = "2005"
}

@article{Gehrmann-DeRidder:2005btv,
    author = "Gehrmann-De Ridder, A. and Gehrmann, T. and Glover, E. W. N.",
    title = "{Antenna subtraction at NNLO}",
    eprint = "hep-ph/0505111",
    archivePrefix = "arXiv",
    reportNumber = "ZU-TH-07-05, IPPP-05-18",
    doi = "10.1088/1126-6708/2005/09/056",
    journal = "JHEP",
    volume = "09",
    pages = "056",
    year = "2005"
}

@article{Gehrmann-DeRidder:2007foh,
    author = "Gehrmann-De Ridder, A. and Gehrmann, T. and Glover, E. W. N. and Heinrich, G.",
    title = "{Infrared structure of e+ e- ---\ensuremath{>} 3 jets at NNLO}",
    eprint = "0710.0346",
    archivePrefix = "arXiv",
    primaryClass = "hep-ph",
    reportNumber = "ZU-TH-18-07, IPPP-07-62, EDINBURGH-2007-26, HEPTOOLS-07-020",
    doi = "10.1088/1126-6708/2007/11/058",
    journal = "JHEP",
    volume = "11",
    pages = "058",
    year = "2007"
}

@article{Daleo:2006xa,
    author = "Daleo, A. and Gehrmann, T. and Maitre, D.",
    title = "{Antenna subtraction with hadronic initial states}",
    eprint = "hep-ph/0612257",
    archivePrefix = "arXiv",
    reportNumber = "ZU-TH-24-06",
    doi = "10.1088/1126-6708/2007/04/016",
    journal = "JHEP",
    volume = "04",
    pages = "016",
    year = "2007"
}

@article{Daleo:2009yj,
    author = "Daleo, Alejandro and Gehrmann-De Ridder, Aude and Gehrmann, Thomas and Luisoni, Gionata",
    title = "{Antenna subtraction at NNLO with hadronic initial states: initial-final configurations}",
    eprint = "0912.0374",
    archivePrefix = "arXiv",
    primaryClass = "hep-ph",
    reportNumber = "ZU-TH-17-09",
    doi = "10.1007/JHEP01(2010)118",
    journal = "JHEP",
    volume = "01",
    pages = "118",
    year = "2010"
}

@article{Boughezal:2010mc,
    author = "Boughezal, Radja and Gehrmann-De Ridder, Aude and Ritzmann, Mathias",
    title = "{Antenna subtraction at NNLO with hadronic initial states: double real radiation for initial-initial configurations with two quark flavours}",
    eprint = "1011.6631",
    archivePrefix = "arXiv",
    primaryClass = "hep-ph",
    reportNumber = "ANL-HEP-PR-10-58",
    doi = "10.1007/JHEP02(2011)098",
    journal = "JHEP",
    volume = "02",
    pages = "098",
    year = "2011"
}

@article{Gehrmann:2011wi,
    author = "Gehrmann, Thomas and Monni, Pier Francesco",
    title = "{Antenna subtraction at NNLO with hadronic initial states: real-virtual initial-initial configurations}",
    eprint = "1107.4037",
    archivePrefix = "arXiv",
    primaryClass = "hep-ph",
    doi = "10.1007/JHEP12(2011)049",
    journal = "JHEP",
    volume = "12",
    pages = "049",
    year = "2011"
}


@article{Gehrmann-DeRidder:2012too,
    author = "Gehrmann-De Ridder, Aude and Gehrmann, Thomas and Ritzmann, Mathias",
    title = "{Antenna subtraction at NNLO with hadronic initial states: double real initial-initial configurations}",
    eprint = "1207.5779",
    archivePrefix = "arXiv",
    primaryClass = "hep-ph",
    reportNumber = "ZU-TH-15-12, SACLAY-IPHT-T12-061",
    doi = "10.1007/JHEP10(2012)047",
    journal = "JHEP",
    volume = "10",
    pages = "047",
    year = "2012"
}

@article{Currie:2013vh,
    author = "Currie, James and Glover, E. W. N. and Wells, Steven",
    title = "{Infrared Structure at NNLO Using Antenna Subtraction}",
    eprint = "1301.4693",
    archivePrefix = "arXiv",
    primaryClass = "hep-ph",
    reportNumber = "IPPP-12-82, ZU-TH-26-12",
    doi = "10.1007/JHEP04(2013)066",
    journal = "JHEP",
    volume = "04",
    pages = "066",
    year = "2013"
}

@article{DelDuca:2004wt,
    author = "Del Duca, Vittorio and Frizzo, Alberto and Maltoni, Fabio",
    title = "{Higgs boson production in association with three jets}",
    eprint = "hep-ph/0404013",
    archivePrefix = "arXiv",
    reportNumber = "DFTT-11-2004",
    doi = "10.1088/1126-6708/2004/05/064",
    journal = "JHEP",
    volume = "05",
    pages = "064",
    year = "2004"
}

@article{Dixon:2009uk,
    author = "Dixon, Lance J. and Sofianatos, Yorgos",
    title = "{Analytic one-loop amplitudes for a Higgs boson plus four partons}",
    eprint = "0906.0008",
    archivePrefix = "arXiv",
    primaryClass = "hep-ph",
    reportNumber = "SLAC-PUB-13652",
    doi = "10.1088/1126-6708/2009/08/058",
    journal = "JHEP",
    volume = "08",
    pages = "058",
    year = "2009"
}

@article{Badger:2009hw,
    author = "Badger, Simon and Glover, E. W. N. and Mastrolia, Pierpaolo and Williams, Ciaran",
    title = "{One-loop Higgs plus four gluon amplitudes: Full analytic results}",
    eprint = "0909.4475",
    archivePrefix = "arXiv",
    primaryClass = "hep-ph",
    reportNumber = "IPPP-09-58, CERN-PH-TH-2009-163, DESY-09-138",
    doi = "10.1007/JHEP01(2010)036",
    journal = "JHEP",
    volume = "01",
    pages = "036",
    year = "2010"
}

@article{Badger:2009vh,
    author = "Badger, Simon and Campbell, John M. and Ellis, R. Keith and Williams, Ciaran",
    title = "{Analytic results for the one-loop NMHV Hqqgg amplitude}",
    eprint = "0910.4481",
    archivePrefix = "arXiv",
    primaryClass = "hep-ph",
    reportNumber = "DESY-09-180, FERMILAB-PUB-09-505-T, IPPP-09-86",
    doi = "10.1088/1126-6708/2009/12/035",
    journal = "JHEP",
    volume = "12",
    pages = "035",
    year = "2009"
}

@article{Gehrmann:2011aa,
    author = "Gehrmann, T. and Jaquier, M. and Glover, E. W. N. and Koukoutsakis, A.",
    title = "{Two-Loop QCD Corrections to the Helicity Amplitudes for $H 	o$ 3 partons}",
    eprint = "1112.3554",
    archivePrefix = "arXiv",
    primaryClass = "hep-ph",
    reportNumber = "IPPP-11-77, ZU-TH-24-11",
    doi = "10.1007/JHEP02(2012)056",
    journal = "JHEP",
    volume = "02",
    pages = "056",
    year = "2012"
}

@article{Buckley:2014ana,
    author = {Buckley, Andy and Ferrando, James and Lloyd, Stephen and Nordstr\"om, Karl and Page, Ben and R\"ufenacht, Martin and Sch\"onherr, Marek and Watt, Graeme},
    title = "{LHAPDF6: parton density access in the LHC precision era}",
    eprint = "1412.7420",
    archivePrefix = "arXiv",
    primaryClass = "hep-ph",
    reportNumber = "GLAS-PPE-2014-05, MCNET-14-29, IPPP-14-111, DCPT-14-222",
    doi = "10.1140/epjc/s10052-015-3318-8",
    journal = "Eur. Phys. J. C",
    volume = "75",
    pages = "132",
    year = "2015"
}
