@article{marsaglia2004evaluating,
  title   = {Evaluating the anderson-darling distribution},
  author  = {Marsaglia, George and Marsaglia, John},
  journal = {Journal of statistical software},
  volume  = {9},
  pages   = {1--5},
  year    = {2004}
}

@book{walck1996hand,
  title     = {Hand-book on statistical distributions for experimentalists},
  author    = {Walck, Christian and others},
  year      = {1996},
  publisher = {Stockholms universitet}
}

@article{george2011estimation,
  title   = {Estimation of parameters of Johnson's system of distributions},
  author  = {George, Florence and Ramachandran, KM},
  journal = {Journal of Modern Applied Statistical Methods},
  volume  = {10},
  pages   = {494--504},
  year    = {2011}
}

@article{sinclair1988approximations,
  title     = {Approximations to the distribution function of the andersonâ€”darling test statistic},
  author    = {Sinclair, CD and Spurr, BD},
  journal   = {Journal of the American Statistical Association},
  volume    = {83},
  number    = {404},
  pages     = {1190--1191},
  year      = {1988},
  publisher = {Taylor \& Francis}
}

@book{mclaughlin2001compendium,
  title     = {A compendium of common probability distributions},
  author    = {McLaughlin, Michael P},
  year      = {2001},
  publisher = {Michael P. McLaughlin}
}

@article{lewis1961distribution,
  title     = {Distribution of the Anderson-Darling statistic},
  author    = {Lewis, Peter AW},
  journal   = {The Annals of Mathematical Statistics},
  pages     = {1118--1124},
  year      = {1961},
  publisher = {JSTOR}
}