
@unpublished{NNLOJET:2025xyz,
    author = "Huss, A. and others",
    collaboration = "NNLOJET",
    title = "{NNLOJET: a parton-level event generator for jet cross sections at NNLO QCD accuracy}",
    reportNumber = "CERN-TH-2025-012, IPPP/25/09, ZU-TH 11/25",
    year = "2025"
}

@article{Daleo:2006xa,
    author = "Daleo, A. and Gehrmann, T. and Maitre, D.",
    title = "{Antenna subtraction with hadronic initial states}",
    eprint = "hep-ph/0612257",
    archivePrefix = "arXiv",
    reportNumber = "ZU-TH-24-06",
    doi = "10.1088/1126-6708/2007/04/016",
    journal = "JHEP",
    volume = "04",
    pages = "016",
    year = "2007"
}

@article{Boughezal:2010mc,
    author = "Boughezal, Radja and Gehrmann-De Ridder, Aude and Ritzmann, Mathias",
    title = "{Antenna subtraction at NNLO with hadronic initial states: double real radiation for initial-initial configurations with two quark flavours}",
    eprint = "1011.6631",
    archivePrefix = "arXiv",
    primaryClass = "hep-ph",
    reportNumber = "ANL-HEP-PR-10-58",
    doi = "10.1007/JHEP02(2011)098",
    journal = "JHEP",
    volume = "02",
    pages = "098",
    year = "2011"
}

@article{Gehrmann:2011wi,
    author = "Gehrmann, Thomas and Monni, Pier Francesco",
    title = "{Antenna subtraction at NNLO with hadronic initial states: real-virtual initial-initial configurations}",
    eprint = "1107.4037",
    archivePrefix = "arXiv",
    primaryClass = "hep-ph",
    doi = "10.1007/JHEP12(2011)049",
    journal = "JHEP",
    volume = "12",
    pages = "049",
    year = "2011"
}


@article{Gehrmann-DeRidder:2012too,
    author = "Gehrmann-De Ridder, Aude and Gehrmann, Thomas and Ritzmann, Mathias",
    title = "{Antenna subtraction at NNLO with hadronic initial states: double real initial-initial configurations}",
    eprint = "1207.5779",
    archivePrefix = "arXiv",
    primaryClass = "hep-ph",
    reportNumber = "ZU-TH-15-12, SACLAY-IPHT-T12-061",
    doi = "10.1007/JHEP10(2012)047",
    journal = "JHEP",
    volume = "10",
    pages = "047",
    year = "2012"
}

@article{Gehrmann-DeRidder:2005btv,
    author = "Gehrmann-De Ridder, A. and Gehrmann, T. and Glover, E. W. N.",
    title = "{Antenna subtraction at NNLO}",
    eprint = "hep-ph/0505111",
    archivePrefix = "arXiv",
    reportNumber = "ZU-TH-07-05, IPPP-05-18",
    doi = "10.1088/1126-6708/2005/09/056",
    journal = "JHEP",
    volume = "09",
    pages = "056",
    year = "2005"
}

@article{Buckley:2014ana,
    author = {Buckley, Andy and Ferrando, James and Lloyd, Stephen and Nordstr\"om, Karl and Page, Ben and R\"ufenacht, Martin and Sch\"onherr, Marek and Watt, Graeme},
    title = "{LHAPDF6: parton density access in the LHC precision era}",
    eprint = "1412.7420",
    archivePrefix = "arXiv",
    primaryClass = "hep-ph",
    reportNumber = "GLAS-PPE-2014-05, MCNET-14-29, IPPP-14-111, DCPT-14-222",
    doi = "10.1140/epjc/s10052-015-3318-8",
    journal = "Eur. Phys. J. C",
    volume = "75",
    pages = "132",
    year = "2015"
}
