@misc{AASteamHendrickson2018aastex62,
  author       = {{AAS Journals Team} and
                  {Hendrickson}, Amy},
  title        = {{AASJournals/AASTeX60: Version 6.2 official release}},
  month        = feb,
  year         = 2018,
  doi          = {10.5281/zenodo.1209290},
  url          = {https://doi.org/10.5281/zenodo.1209290}
}

@ARTICLE{Astropycollab2013aaAstropy,
  author = {{Astropy Collaboration} and {Robitaille}, T.~P. and {Tollerud}, E.~J. and
        {Greenfield}, P. and {Droettboom}, M. and {Bray}, E. and {Aldcroft}, T. and
        {Davis}, M. and {Ginsburg}, A. and {Price-Whelan}, A.~M. and
        {Kerzendorf}, W.~E. and {Conley}, A. and {Crighton}, N. and
        {Barbary}, K. and {Muna}, D. and {Ferguson}, H. and {Grollier}, F. and
        {Parikh}, M.~M. and {Nair}, P.~H. and {Unther}, H.~M. and {Deil}, C. and
        {Woillez}, J. and {Conseil}, S. and {Kramer}, R. and {Turner}, J.~E.~H. and
        {Singer}, L. and {Fox}, R. and {Weaver}, B.~A. and {Zabalza}, V. and
        {Edwards}, Z.~I. and {Azalee Bostroem}, K. and {Burke}, D.~J. and
        {Casey}, A.~R. and {Crawford}, S.~M. and {Dencheva}, N. and
        {Ely}, J. and {Jenness}, T. and {Labrie}, K. and {Lim}, P.~L. and
        {Pierfederici}, F. and {Pontzen}, A. and {Ptak}, A. and {Refsdal}, B. and
        {Servillat}, M. and {Streicher}, O.},
   title = "{Astropy: A community Python package for astronomy}",
 journal = {\aap},
archivePrefix = "arXiv",
  eprint = {1307.6212},
primaryClass = "astro-ph.IM",
keywords = {methods: data analysis, methods: miscellaneous, virtual observatory tools},
    year = 2013,
   month = oct,
  volume = 558,
     eid = {A33},
   pages = {A33},
     doi = {10.1051/0004-6361/201322068},
  adsurl = {http://adsabs.harvard.edu/abs/2013A%26A...558A..33A},
 adsnote = {Provided by the SAO/NASA Astrophysics Data System}
}

@ARTICLE{BeaulieuEtal2010arxivGJ436b,
   author = {{Beaulieu}, J.-P. and {Tinetti}, G. and {Kipping}, D.~M. and
        {Ribas}, I. and {Barber}, R.~J. and {Cho}, J.~Y.-K. and {Polichtchouk}, I. and
        {Tennyson}, J. and {Yurchenko}, S.~N. and {Griffith}, C.~A. and
        {Batista}, V. and {Waldmann}, I. and {Miller}, S. and {Carey}, S. and
        {Mousis}, O. and {Fossey}, S.~J. and {Aylward}, A.},
    title = "Methane in the Atmosphere of the Transiting Hot {Neptune GJ436b}?",
  journal = {\apj},
   eprint = {arXiv:1007.0324},
 primaryClass = "astro-ph.EP",
 keywords = {planetary systems, techniques: spectroscopic},
     year = 2010,
    month = apr,
   volume = 731,
    pages = {16},
      doi = {10.1088/0004-637X/731/1/16},
   adsurl = {http://adsabs.harvard.edu/abs/2010arXiv1007.0324B},
  adsnote = {Provided by the SAO/NASA Astrophysics Data System}
}

@ARTICLE{BurbidgeEtal1957rvmpStellarElementSynthesis,
       author = {{Burbidge}, E. Margaret and {Burbidge}, G.~R. and {Fowler}, William A.
        and {Hoyle}, F.},
        title = "{Synthesis of the Elements in Stars}",
      journal = {Reviews of Modern Physics},
         year = 1957,
        month = Jan,
       volume = {29},
        pages = {547-650},
          doi = {10.1103/RevModPhys.29.547},
       adsurl = {https://ui.adsabs.harvard.edu/abs/1957RvMP...29..547B},
      adsnote = {Provided by the SAO/NASA Astrophysics Data System}
}

freeze
@MISC{Cubillos2019zndoBibmanager,
       author = {{Cubillos}, Patricio E.},
        title = "{bibmanager: A BibTeX manager for LaTeX projects, Zenodo, doi:\href{https://zenodo.org/record/2547042}{10.5281/zenodo.2547042}}",
         year = 2019,
        month = apr,
          eid = {10.5281/zenodo.2547042},
          doi = {10.5281/zenodo.2547042},
      version = {v1.1.0},
    publisher = {Zenodo},
       adsurl = {https://ui.adsabs.harvard.edu/abs/2019zndo...2547042C},
      adsnote = {Provided by the SAO/NASA Astrophysics Data System}
}

@ARTICLE{Curtis1917paspIslandUniverseTheory,
   author = {{Curtis}, H.~D.},
    title = "{Novae in the Spiral Nebulae and the Island Universe Theory}",
  journal = {\pasp},
     year = 1917,
    month = oct,
   volume = 29,
    pages = {206-207},
      doi = {10.1086/122632},
   adsurl = {http://adsabs.harvard.edu/abs/1917PASP...29..206C},
  adsnote = {Provided by the SAO/NASA Astrophysics Data System}
}

@ARTICLE{HarrisEtal2020natNumpy,
       author = {{Harris}, Charles R. and {Millman}, K. Jarrod and {van der Walt}, St{\'e}fan J. and {Gommers}, Ralf and {Virtanen}, Pauli and {Cournapeau}, David and {Wieser}, Eric and {Taylor}, Julian and {Berg}, Sebastian and {Smith}, Nathaniel J. and {Kern}, Robert and {Picus}, Matti and {Hoyer}, Stephan and {van Kerkwijk}, Marten H. and {Brett}, Matthew and {Haldane}, Allan and {del R{\'\i}o}, Jaime Fern{\'a}ndez and {Wiebe}, Mark and {Peterson}, Pearu and {G{\'e}rard-Marchant}, Pierre and {Sheppard}, Kevin and {Reddy}, Tyler and {Weckesser}, Warren and {Abbasi}, Hameer and {Gohlke}, Christoph and {Oliphant}, Travis E.},
        title = "{Array programming with NumPy}",
      journal = {\nat},
     keywords = {Computer Science - Mathematical Software, Statistics - Computation},
         year = 2020,
        month = sep,
       volume = {585},
       number = {7825},
        pages = {357-362},
          doi = {10.1038/s41586-020-2649-2},
archivePrefix = {arXiv},
       eprint = {2006.10256},
 primaryClass = {cs.MS},
       adsurl = {https://ui.adsabs.harvard.edu/abs/2020Natur.585..357H},
      adsnote = {Provided by the SAO/NASA Astrophysics Data System}
}

@Article{Hunter2007ieeeMatplotlib,
  Author    = {{Hunter}, J. D.},
  Title     = {Matplotlib: A 2D graphics environment},
  Journal   = {Computing In Science \& Engineering},
  Volume    = {9},
  Number    = {3},
  Pages     = {90--95},
  abstract  = {Matplotlib is a 2D graphics package used for Python
  for application development, interactive scripting, and
  publication-quality image generation across user
  interfaces and operating systems.},
  publisher = {IEEE COMPUTER SOC},
  doi       = {10.1109/MCSE.2007.55},
  year      = 2007
}

@article{MeurerEtal2017pjcsSYMPY,
    title = {SymPy: symbolic computing in Python},
   author = {Meurer, Aaron and Smith, Christopher P. and Paprocki, Mateusz and \v{C}ert\'{i}k, Ond\v{r}ej and Kirpichev, Sergey B. and Rocklin, Matthew and Kumar, AMiT and Ivanov, Sergiu and Moore, Jason K. and Singh, Sartaj and Rathnayake, Thilina and Vig, Sean and Granger, Brian E. and Muller, Richard P. and Bonazzi, Francesco and Gupta, Harsh and Vats, Shivam and Johansson, Fredrik and Pedregosa, Fabian and Curry, Matthew J. and Terrel, Andy R. and Rou\v{c}ka, \v{S}t\v{e}p\'{a}n and Saboo, Ashutosh and Fernando, Isuru and Kulal, Sumith and Cimrman, Robert and Scopatz, Anthony},
     year = 2017,
    month = jan,
 keywords = {Python, Computer algebra system, Symbolics},
   volume = 3,
    pages = {e103},
  journal = {PeerJ Computer Science},
     issn = {2376-5992},
      url = {https://doi.org/10.7717/peerj-cs.103},
      doi = {10.7717/peerj-cs.103}
}

@Article{PerezGranger2007cseIPython,
  Author    = {{P\'erez}, F. and {Granger}, B.~E.},
  Title     = {{IP}ython: a System for Interactive Scientific Computing},
  Journal   = {Computing in Science and Engineering},
  Volume    = {9},
  Number    = {3},
  Pages     = {21--29},
  month     = may,
  year      = 2007,
  url       = "http://ipython.org",
  ISSN      = "1521-9615",
  doi       = {10.1109/MCSE.2007.53},
  publisher = {IEEE Computer Society},
}

@ARTICLE{Shapley1918apjDistanceGlobularClusters,
   author = {{Shapley}, H.},
    title = "{Studies based on the colors and magnitudes in stellar clusters. VII. The distances, distribution in space, and dimensions of 69 globular clusters.}",
  journal = {\apj},
     year = 1918,
    month = oct,
   volume = 48,
      doi = {10.1086/142423},
   adsurl = {http://adsabs.harvard.edu/abs/1918ApJ....48..154S},
  adsnote = {Provided by the SAO/NASA Astrophysics Data System}
}

@ARTICLE{ShowmanEtal2009apjRadGCM,
       author = {{Showman}, Adam P. and {Fortney}, Jonathan J. and {Lian}, Yuan and
        {Marley}, Mark S. and {Freedman}, Richard S. and {Knutson},
        Heather A. and {Charbonneau}, David},
        title = "{Atmospheric Circulation of Hot Jupiters: Coupled Radiative-Dynamical General Circulation Model Simulations of HD 189733b and HD 209458b}",
      journal = {\apj},
     keywords = {atmospheric effects, methods: numerical, planets and satellites: general, planets and satellites: individual: HD 209458b HD 189733b, Astrophysics},
         year = 2009,
        month = Jul,
       volume = {699},
        pages = {564-584},
          doi = {10.1088/0004-637X/699/1/564},
archivePrefix = {arXiv},
       eprint = {0809.2089},
 primaryClass = {astro-ph},
       adsurl = {https://ui.adsabs.harvard.edu/abs/2009ApJ...699..564S},
      adsnote = {Provided by the SAO/NASA Astrophysics Data System}
}

pdf: Slipher1913.pdf
@ARTICLE{Slipher1913lobAndromedaRarialVelocity,
       author = {{Slipher}, V.~M.},
        title = "{The radial velocity of the Andromeda Nebula}",
      journal = {Lowell Observatory Bulletin},
     keywords = {GALAXIES: MOTION IN LINE OF SIGHT, ANDROMEDA GALAXY},
         year = 1913,
        month = Jan,
       volume = {1},
        pages = {56-57},
       adsurl = {https://ui.adsabs.harvard.edu/abs/1913LowOB...2...56S},
      adsnote = {Provided by the SAO/NASA Astrophysics Data System}
}

@ARTICLE{VirtanenEtal2020natmeScipy,
       author = {{Virtanen}, Pauli and {Gommers}, Ralf and {Oliphant}, Travis E. and {Haberland}, Matt and {Reddy}, Tyler and {Cournapeau}, David and {Burovski}, Evgeni and {Peterson}, Pearu and {Weckesser}, Warren and {Bright}, Jonathan and {van der Walt}, St{\'e}fan J. and {Brett}, Matthew and {Wilson}, Joshua and {Millman}, K. Jarrod and {Mayorov}, Nikolay and {Nelson}, Andrew R.~J. and {Jones}, Eric and {Kern}, Robert and {Larson}, Eric and {Carey}, C.~J. and {Polat}, {\.I}lhan and {Feng}, Yu and {Moore}, Eric W. and {VanderPlas}, Jake and {Laxalde}, Denis and {Perktold}, Josef and {Cimrman}, Robert and {Henriksen}, Ian and {Quintero}, E.~A. and {Harris}, Charles R. and {Archibald}, Anne M. and {Ribeiro}, Ant{\^o}nio H. and {Pedregosa}, Fabian and {van Mulbregt}, Paul and {SciPy 1. 0 Contributors}},
        title = "{SciPy 1.0: fundamental algorithms for scientific computing in Python}",
      journal = {Nature Methods},
     keywords = {Computer Science - Mathematical Software, Computer Science - Data Structures and Algorithms, Computer Science - Software Engineering, Physics - Computational Physics},
         year = 2020,
        month = feb,
       volume = {17},
        pages = {261-272},
          doi = {10.1038/s41592-019-0686-2},
archivePrefix = {arXiv},
       eprint = {1907.10121},
 primaryClass = {cs.MS},
       adsurl = {https://ui.adsabs.harvard.edu/abs/2020NatMe..17..261V},
      adsnote = {Provided by the SAO/NASA Astrophysics Data System}
}

@Misc{JonesNoYearScipy,
  author = {Eric Jones},
  title  = {{SciPy}: Scientific Python},
}

@MISC{1978windEnergyReport,
        title = "{Wind energy systems: Program summary}",
         year = 1978,
        month = dec,
       adsurl = {https://ui.adsabs.harvard.edu/abs/1978wes..rept......},
}

